@inproceedings{bas2022free,
  title={Free energy principle for state and input estimation of a quadcopter flying in wind},
  author={Bas, Fred and Meera, Ajith Anil and Benders, Dennis and Wisse, Martijn},
  booktitle={2022 International Conference on Robotics and Automation (ICRA)},
  pages={5389--5395},
  year={2022},
  organization={IEEE}
}

@article{tsolakis2022colregs,
  title={COLREGs-aware Trajectory Optimization for Autonomous Surface Vessels},
  author={Tsolakis, Anastasios and Benders, Dennis and De Groot, Oscar and Negenborn, Rudy R. and Reppa, Vasso and Ferranti, Laura},
  journal={IFAC-PapersOnLine},
  volume={55},
  number={31},
  pages={269--274},
  year={2022},
  publisher={Elsevier}
}
